@phdthesis{TeminoGutierrez2019,
abstract = {Tesi,Doctorat,Universitat Aut{\`{o}}noma de Barcelona. Institut de Ci{\`{e}}ncia de Materials de Barcelona,2019. En esta tesis hemos estudiado varios factores relacionados con los transistores org{\'{a}}nicos de efecto campo (OFETs) procesados por soluci{\'{o}}n, incluyendo su fabricaci{\'{o}}n, su caracterizaci{\'{o}}n el{\'{e}}ctrica y posibles aplicaciones, especialmente en el campo de sensores f{\'{i}}sicos. En este trabajo se han utilizado principalmente disoluciones de diferentes semiconductores org{\'{a}}nicos (OSC) de peque{\~{n}}a mol{\'{e}}cula tipo-p y pol{\'{i}}meros aislantes. La deposici{\'{o}}n de estas mezclas para obtener las capas activas de los OFETs se ha llevado a cabo mediante una t{\'{e}}cnica de procesado por soluci{\'{o}}n escalable, en concreto la denominada bar-assisted meniscus shearing (BAMS). El prop{\'{o}}sito principal de este trabajo ha sido comprender la influencia que tienen los par{\'{a}}metros de fabricaci{\'{o}}n elegidos sobre las propiedades morfol{\'{o}}gicas y estructurales de las capas activas resultantes, y, por tanto, su impacto en las propiedades el{\'{e}}ctricas de los dispositivos finales. Se ha realizado un estudio detallado a escala nanom{\'{e}}trica de capas basadas en OSC:pol{\'{i}}mero aislante, descifrando la separaci{\'{o}}n vertical de ambos componentes y el efecto que tiene sobre la estabilidad y el rendimiento de los dispositivos. Adem{\'{a}}s, se han explorado diferentes m{\'{e}}todos de dopaje con el objetivo de mejorar las caracter{\'{i}}sticas el{\'{e}}ctricas de los OFETs que sufren de una alta resistencia de contacto. Tambi{\'{e}}n se ha estudiado la relaci{\'{o}}n entre propiedades morfol{\'{o}}gicas y el{\'{e}}ctricas empleando dispositivos flexibles sometidos a tensi{\'{o}}n mec{\'{a}}nica. Finalmente, gracias a la optimizaci{\'{o}}n de los par{\'{a}}metros de procesado se han fabricado OFETs con una alta sensibilidad a radiaci{\'{o}}n de rayos-X, explicando a su vez c{\'{o}}mo la morfolog{\'{i}}a y el transporte de carga en la capa activa determinan la respuesta de estos dispositivos.},
author = {{Temi{\~{n}}o Guti{\'{e}}rrez}, In{\'{e}}s and {Mas Torrent}, Marta and {Sort Vi{\~{n}}as}, Jordi and {Universitat Aut{\`{o}}noma de Barcelona. Institut de Ci{\`{e}}ncia de Materials de Barcelona.}},
booktitle = {TDX (Tesis Doctorals en Xarxa)},
file = {:D$\backslash$:/Uni 247/ICMAB/Readings/InesTeminoG - DoctoralThesis 2019.pdf:pdf},
isbn = {9788449090097},
keywords = {620,Ci{\`{e}}ncies Experimentals,Orgaic transistors,Organic semiconductors,Procesado por soluci{\'{o}}n,Processat per soluci{\'{o}},Semiconductores org{\'{a}}nicos,Semiconductors org{\`{a}}nics,Solution processing,Transistores org{\'{a}}nicos,Transistors org{\`{a}}nics},
mendeley-groups = {TFG},
publisher = {Universitat Aut{\`{o}}noma de Barcelona},
school = {Universitat Aut{\`{o}}noma de Barcelona, Spain},
title = {{Solution-processed organic field-effect transistors : from fundamental aspects to applications}},
url = {http://www.tdx.cat/handle/10803/669373},
urldate = {2021-07-08},
year = {2019}
}
@article{Lamport2018,
abstract = {Chemical versatility and compatibility with a vast array of processing techniques has led to the incorporation of organic semiconductors in various electronic and opto-electronic devices. One such device is the organic field-effect transistor (OFET). In this tutorial, we describe the structure, operation, and characterization of OFETs. Following a short historical perspective, we introduce the architectures possible for OFETs and then describe the device physics and the methods for extracting relevant device parameters. We then provide a brief overview of the myriad organic semiconductors and deposition methods that were adopted for OFETs in the past decades. Non-ideal device characteristics, including contact resistance, are then discussed along with their effects on electrical performance and on the accuracy of extracting device parameters. Finally, we highlight several measurements involving OFETs that allow access to fundamental properties of organic semiconductors and the mechanism of charge transport in these materials.},
author = {Lamport, Zachary A and Haneef, Hamna F and Anand, Sajant and Waldrip, Matthew and Jurchescu, Oana D},
doi = {10.1063/1.5042255},
file = {:C$\backslash$:/Users/arnau/AppData/Local/Mendeley Ltd./Mendeley Desktop/Downloaded/Lamport et al. - 2018 - Tutorial Organic field-effect transistors Materials, structure and operation ARTICLES YOU MAY BE INTERESTED IN.pdf:pdf},
issn = {10897550},
journal = {J. Appl. Phys.},
mendeley-groups = {TFG},
number = {7},
pages = {71101},
title = {{Tutorial: Organic field-effect transistors: Materials, structure and operation}},
url = {https://doi.org/10.1063/1.5042255},
volume = {124},
year = {2018}
}
@article{Foster2019,
author = {Foster, Jeffrey
C. and Varlas, Spyridon and Couturaud, Benoit and Coe, Zachary and O’Reilly, Rachel K.},
title = {Getting into Shape: Reflections on a New Generation of Cylindrical Nanostructures’ Self-Assembly Using Polymer Building Blocks},
journal = {Journal of the American Chemical Society},
volume = {141},
number = {7},
pages = {2742-2753},
year = {2019},
doi = {10.1021/jacs.8b08648}
}
@review{Bronstein2020,
abstract = {Organic semiconductors are solution-processable, lightweight and flexible and are increasingly being used as the active layer in a wide range of new technologies. The versatility of synthetic organic chemistry enables the materials to be tuned such that they can be incorporated into biological sensors, wearable electronics, photovoltaics and flexible displays. These devices can be improved by improving their material components, not only by developing the synthetic chemistry but also by improving the analytical and computational techniques that enable us to understand the factors that govern material properties. Judicious molecular design provides control of the semiconductor frontier molecular orbital energy distribution and guides the hierarchical assembly of organic semiconductors into functional films where we can manipulate the properties and motion of charges and excited states. This Review describes how molecular design plays an integral role in developing organic semiconductors for electronic devices in present and emerging technologies.},
author = {Bronstein, Hugo and Nielsen, Christian B and Schroeder, Bob C and McCulloch, Iain},
booktitle = {Nat. Rev. Chem.},
doi = {10.1038/s41570-019-0152-9},
file = {:C$\backslash$:/Users/arnau/AppData/Local/Mendeley Ltd./Mendeley Desktop/Downloaded/Bronstein et al. - Unknown - The role of chemical design in the performance of organic semiconductors Nature reviews Chemistry.pdf:pdf},
issn = {23973358},
mendeley-groups = {TFG/TFG{\_}q,TFG},
number = {2},
pages = {66--77},
title = {{The role of chemical design in the performance of organic semiconductors}},
url = {www.nature.com/natrevchem},
volume = {4},
year = {2020}
}
